
{1:F01GSCRUS30XXXX3614000002}{2:I940GSCRUS30XXXXN}{4:
:20:15486025400
:25:107048825
:28C:49/2
:60M:C250218USD2732398848,02
:61:2502180218D12,01NTRFGSLNVSHSUTKWDR//GI2504900007841
:86:/EREF/GSLNVSHSUTKWDR
/CRNM/GOLDMAN SACHS BANK USA
/CACT/107045863/CBIC/GSCRUS30XXX
/REMI/USD Payment to Vendor
/OPRP/Tag Payment
:62M:C250218USD2937898,77
-}
