<?xml version="1.0" encoding="UTF-8"?>
<Document xmlns="urn:iso:std:iso:20022:tech:xsd:camt.053.001.02">
    <BkToCstmrStmt>
        <GrpHdr>
            <MsgId>MSG123456789</MsgId>
            <CreDtTm>2023-10-05T14:30:00Z</CreDtTm>
        </GrpHdr>
        <Stmt>
            <Id>STMT001</Id>
            <ElctrncSeqNb>1</ElctrncSeqNb>
            <CreDtTm>2023-10-05T14:30:00Z</CreDtTm>
            <FrToDt>
                <FrDtTm>2023-10-01T00:00:00Z</FrDtTm>
                <ToDtTm>2023-10-05T23:59:59Z</ToDtTm>
            </FrToDt>
            <Acct>
                <Id>
                    <IBAN>DE89370400440532013000</IBAN>
                </Id>
                <Ccy>EUR</Ccy>
                <Nm>Test Account Name</Nm>
            </Acct>
            <Bal>
                <Tp>
                    <CdOrPrtry>
                        <Cd>OPBD</Cd>
                    </CdOrPrtry>
                </Tp>
                <Amt Ccy="EUR">1000.00</Amt>
                <CdtDbtInd>C</CdtDbtInd>
                <Dt>
                    <Dt>2023-10-05</Dt>
                </Dt>
            </Bal>
            <Bal>
                <Tp>
                    <CdOrPrtry>
                        <Cd>CLAV</Cd>
                    </CdOrPrtry>
                </Tp>
                <Amt Ccy="EUR">1150.00</Amt>
                <CdtDbtInd>C</CdtDbtInd>
                <Dt>
                    <Dt>2025-10-26</Dt>
                </Dt>
            </Bal>
            <Bal>
                <Tp>
                    <CdOrPrtry>
                        <Cd>PRCD</Cd>
                    </CdOrPrtry>
                </Tp>
                <Amt Ccy="EUR">1000.00</Amt>
                <CdtDbtInd>CRDT</CdtDbtInd>
                <Dt>
                    <Dt>2023-10-05</Dt>
                </Dt>
            </Bal>
            <Bal>
                <Tp>
                    <CdOrPrtry>
                        <Cd>CLBD</Cd>
                    </CdOrPrtry>
                </Tp>
                <Amt Ccy="EUR">1500.50</Amt>
                <CdtDbtInd>CRDT</CdtDbtInd>
                <Dt>
                    <Dt>2023-10-05</Dt>
                </Dt>
            </Bal>
            <Ntry>
                <Amt Ccy="EUR">100.00</Amt>
                <CdtDbtInd>CRDT</CdtDbtInd>
                <Sts>BOOK</Sts>
                <BookgDt>
                    <Dt>2023-10-05</Dt>
                </BookgDt>
                <ValDt>
                    <Dt>2023-10-05</Dt>
                </ValDt>
                <BkTxCd>
                    <Domn>
                        <Cd>PMNT</Cd>
                        <Fmly>
                            <Cd>RCDT</Cd>
                            <SubFmlyCd>ESCT</SubFmlyCd>
                        </Fmly>
                    </Domn>
                </BkTxCd>
                <NtryDtls>
                    <TxDtls>
                        <Refs>
                            <EndToEndId>END2END123</EndToEndId>
                            <TxId>TXN123456</TxId>
                        </Refs>
                        <Amt Ccy="EUR">100.00</Amt>
                        <RltdPties>
                            <Dbtr>
                                <Nm>John Debtor</Nm>
                            </Dbtr>
                            <Cdtr>
                                <Nm>Jane Creditor</Nm>
                            </Cdtr>
                        </RltdPties>
                        <RmtInf>
                            <Ustrd>Invoice 12345</Ustrd>
                            <Ustrd>Payment for services</Ustrd>
                        </RmtInf>
                    </TxDtls>
                </NtryDtls>
            </Ntry>
            <Ntry>
                <Amt Ccy="EUR">50.00</Amt>
                <CdtDbtInd>DBIT</CdtDbtInd>
                <Sts>BOOK</Sts>
                <BookgDt>
                    <Dt>2023-10-04</Dt>
                </BookgDt>
                <BkTxCd>
                    <Prtry>
                        <Cd>FEE</Cd>
                        <Issr>Bank</Issr>
                    </Prtry>
                </BkTxCd>
                <NtryDtls>
                    <TxDtls>
                        <Refs>
                            <AcctSvcrRef>ACCTREF789</AcctSvcrRef>
                        </Refs>
                        <RmtInf>
                            <Ustrd>Service fee</Ustrd>
                        </RmtInf>
                    </TxDtls>
                </NtryDtls>
            </Ntry>
        </Stmt>
    </BkToCstmrStmt>
</Document>