<?xml version="1.0" encoding="UTF-8"?>
<Document xmlns="urn:iso:std:iso:20022:tech:xsd:camt.053.001.02">
  <BkToCstmrStmt>
    <GrpHdr>
      <MsgId>STMT20231020001</MsgId>
      <CreDtTm>2023-10-20T14:30:00</CreDtTm>
    </GrpHdr>
    <Stmt>
      <Id>STMT001</Id>
      <ElctrncSeqNb>1</ElctrncSeqNb>
      <CreDtTm>2023-10-20T14:30:00</CreDtTm>
      <Acct>
        <Id>
          <IBAN>NL91ABNA0417164300</IBAN>
        </Id>
        <Ccy>EUR</Ccy>
        <Ownr>
          <Nm>Example Company B.V.</Nm>
        </Ownr>
      </Acct>
      <Bal>
        <Tp>
          <CdOrPrtry>
            <Cd>OPBD</Cd>
          </CdOrPrtry>
        </Tp>
        <Amt Ccy="EUR">1000.00</Amt>
        <CdtDbtInd>CRDT</CdtDbtInd>
        <Dt>
          <Dt>2023-10-20</Dt>
        </Dt>
      </Bal>
      <Bal>
        <Tp>
          <CdOrPrtry>
            <Cd>CLBD</Cd>
          </CdOrPrtry>
        </Tp>
        <Amt Ccy="EUR">1250.50</Amt>
        <CdtDbtInd>CRDT</CdtDbtInd>
        <Dt>
          <Dt>2023-10-20</Dt>
        </Dt>
      </Bal>
      <Ntry>
        <Amt Ccy="EUR">250.50</Amt>
        <CdtDbtInd>CRDT</CdtDbtInd>
        <Sts>BOOK</Sts>
        <BookgDt>
          <Dt>2023-10-20</Dt>
        </BookgDt>
        <ValDt>
          <Dt>2023-10-20</Dt>
        </ValDt>
        <BkTxCd>
          <Prtry>
            <Cd>PAYMENT</Cd>
          </Prtry>
        </BkTxCd>
        <NtryDtls>
          <TxDtls>
            <Refs>
              <MsgId>MSG001</MsgId>
              <EndToEndId>E2E001</EndToEndId>
            </Refs>
            <RltdPties>
              <Dbtr>
                <Nm>Customer Name</Nm>
              </Dbtr>
            </RltdPties>
            <RmtInf>
              <Ustrd>Invoice 12345 payment</Ustrd>
            </RmtInf>
          </TxDtls>
        </NtryDtls>
      </Ntry>
    </Stmt>
  </BkToCstmrStmt>
</Document>