{1:F01BANKDEFFAXXX0000000000}
{2:I940BANKNL2AXXXXN}
{4:
:20:STAT202510210001
:25:NL91ABNA0417164300
:28C:00001/001
:60F:C251020EUR10000,00
:61:2510211021D250,00NTRFNONREF//BKNTRX0001
:86:Payment to supplier Roga i Kopyta Inv 1001
:61:2510211021C1500,00NTRFNONREF//BKNTRX0002
:86:Incoming payment from ACME BV Inv 2025-10
:61:2510211021D10,50NCHGNONREF//BKNFEE01
:86:Bank service fee
:62F:C251021EUR11239,50
-}
