{1:F01DEUTDEFFAXXX0000000000}{2:O9400100230920DEUTDEFFAXXX00000000002309201000N}{4:
:20:1234567890
:25:DE89370400440532013000
:28C:00000/001
:60F:C230920EUR1000,00
:61:2309200920DR500,00NMSCNONREF//8327000090031789
Card transaction
:86:166?00LASTSCHRIFT?100708?20REWE Filiale?21Koeln Sued?3099
:61:2309200920CR750,00NMSCNONREF//8327000090031790
Salary payment
:86:051?00GUTSCHRIFT?100708?20Employer GmbH?21Salary Sept
:62F:C230920EUR1250,00
:64:C230920EUR1250,00
-}